
@article{Gibson2002,
	title = {The {X} chromosome is a hot spot for sexually antagonistic fitness variation},
	volume = {269},
	number = {1490},
	journal = {Proceedings of the Royal Society of London B: Biological Sciences},
	author = {Gibson, Jonathan R. and Chippindale, Adam K. and Rice, William R.},
	year = {2002},
	pages = {499--505}
}

@article{Kelly1999,
	title = {An experimental method for evaluating the contribution of deleterious mutations to quantitative trait variation},
	volume = {73},
	number = {3},
	journal = {Genetics Research},
	author = {Kelly, John K.},
	year = {1999},
	pages = {263--273}
}
